% This file was created with Citavi 6.4.0.35
@proceedings{.1994,
 year = {1994},
 title = {WESCON/94. 'Idea/Microelectronics'. Conference Record},
 address = {Place of publication not identified},
 publisher = {{publisher not identified}},
 isbn = {0-7803-9992-7}
}
@proceedings{.2016,
 year = {2016},
 title = {2016 IEEE 29th International Symposium on Computer-Based Medical Systems (CBMS)},
 isbn = {2372-9198}
}
@misc{AVividLight.2010,
 author = {AVividLight},
 year = {2010},
 title = {What does unity measure distance in? - Unity Answers},
 url = {https://answers.unity.com/questions/17670/what-does-unity-measure-distance-in.html},
 urldate = {2020-05-07}
}
@misc{BadenWurttemberg.2017,
 author = {Baden-Württemberg, Wirtschaft digital},
 year = {2017},
 title = {Wirtschaft digital Baden-Württemberg},
 url = {https://www.wirtschaft-digital-bw.de/themen/thema-des-monats/augmented-und-virtual-reality-technologien/},
 urldate = {05.05.2020}
}
@article{BartlPokorny.2013,
 author = {Bartl-Pokorny, K. and Pokorny, F. and Bölte, S. and Langmann, A. and Falck-Ytter, T. and Wolin, T. and Einspieler, C. and Sigafoos, J. and Marschik, P.},
 year = {2013},
 title = {Eye-Tracking: Anwendung in Grundlagenforschung und klinischer Praxis},
 url = {https://www.thieme.de/statics/bilder/thieme/final/de/bilder/tw_neurologie/Eye_tracking.pdf},
 urldate = {2020-05-17},
 pages = {193--198},
 volume = {44},
 number = {03},
 issn = {1434-0275},
 journal = {Klinische Neurophysiologie},
 doi = {10.1055/s-0033-1343458},
 file = {b4c39e65-19d1-4ad2-8eb0-32026402e92e:C\:\\Users\\Joern\\AppData\\Local\\Swiss Academic Software\\Citavi 6\\ProjectCache\\w7ewwbse77kcw8waalakc80bwq8pyr1fgvgd2rf175xj71ziw\\Citavi Attachments\\b4c39e65-19d1-4ad2-8eb0-32026402e92e.pdf:pdf}
}
@incollection{Blake.2013,
 author = {Blake, Christopher},
 title = {Eye-Tracking: Grundlagen und Anwendungsfelder},
 pages = {367--387},
 publisher = {{Springer VS}},
 isbn = {978-3-531-18775-4},
 series = {SpringerLink},
 editor = {Möhring, Wiebke and Schlütz, Daniela},
 booktitle = {Handbuch standardisierte Erhebungsverfahren in der Kommunikationswissenschaft},
 year = {2013},
 address = {Wiesbaden},
 doi = {10.1007/978-3-531-18776-1_20},
 file = {65974269-f54c-46d8-8f98-5a700c9bcd9c:C\:\\Users\\Joern\\AppData\\Local\\Swiss Academic Software\\Citavi 6\\ProjectCache\\w7ewwbse77kcw8waalakc80bwq8pyr1fgvgd2rf175xj71ziw\\Citavi Attachments\\65974269-f54c-46d8-8f98-5a700c9bcd9c.pdf:pdf}
}
@misc{BrentAllard.2017,
 author = {{Brent Allard}},
 year = {2017},
 title = {For VR development, how do distance units in Unity3D translate to real world units?},
 url = {https://stackoverflow.com/questions/44814829/for-vr-development-how-do-distance-units-in-unity3d-translate-to-real-world-uni},
 urldate = {2020-05-07}
}
@proceedings{Brush_2014,
 year = {2014},
 title = {UbiComp'14 adjunct: Proceedings of the 2014 ACM International Joint Conference on Pervasive and Ubiquitous Computing : September 13-17, 2014, Seattle, WA, USA},
 address = {New York, New York},
 publisher = {{Association for Computing Machinery}},
 isbn = {9781450330473},
 editor = {Brush, A. J. and Friday, Adrian and Kientz, Julie and Scott, James and Song, Junehwa},
 institution = {{International Symposium on Wearable Computers}},
 doi = {10.1145/2638728}
}
@article{BundeszentralefurpolitischeBildung.2018,
 author = {{Bundeszentrale für politische Bildung}},
 year = {2018},
 title = {Virtual Reality | bpb},
 url = {https://www.bpb.de/lernen/digitale-bildung/medienpaedagogik/231642/virtual-reality},
 urldate = {2020-04-28},
 journal = {Bundeszentrale für politische Bildung},
 file = {a5aef15b-9428-412c-8d55-8d95174b722e:C\:\\Users\\Joern\\AppData\\Local\\Swiss Academic Software\\Citavi 6\\ProjectCache\\w7ewwbse77kcw8waalakc80bwq8pyr1fgvgd2rf175xj71ziw\\Citavi Attachments\\a5aef15b-9428-412c-8d55-8d95174b722e.pdf:pdf}
}
@article{BurofurTechnikfolgenAbschatzungbeimDeutschenBundestag.2019,
 author = {{Büro für Technikfolgen-Abschätzung beim Deutschen Bundestag}},
 year = {2019},
 title = {Virtual and Augmented Reality. Status quo, Herausforderungen und zukünftige Entwicklungen.},
 url = {http://www.tab-beim-bundestag.de/de/pdf/publikationen/berichte/TAB-Arbeitsbericht-ab180.pdf},
 urldate = {2020-04-28},
 file = {29d417b8-721f-4a8e-a70c-17f524b59a69:C\:\\Users\\Joern\\AppData\\Local\\Swiss Academic Software\\Citavi 6\\ProjectCache\\w7ewwbse77kcw8waalakc80bwq8pyr1fgvgd2rf175xj71ziw\\Citavi Attachments\\29d417b8-721f-4a8e-a70c-17f524b59a69.pdf:pdf}
}
@inproceedings{Cerrolaza.2012,
 author = {Cerrolaza, Juan J. and Villanueva, Arantxa and Villanueva, Maria and Cabeza, Rafael},
 title = {Error characterization and compensation in eye tracking systems},
 pages = {205},
 publisher = {ACM},
 isbn = {9781450312219},
 editor = {Morimoto, Carlos H.},
 booktitle = {Proceedings of the Symposium on Eye Tracking Research and Applications},
 year = {2012},
 address = {New York, NY},
 doi = {10.1145/2168556.2168595},
 file = {http://dl.acm.org/citation.cfm?doid=2168556}
}
@article{Clay_Koenig_Koenig_2019,
 author = {Clay, Viviane and König, Peter and König, Sabine},
 year = {2019},
 title = {Eye tracking in virtual reality},
 url = {https://bop.unibe.ch/JEMR/article/view/4332-Clay-final-sub},
 urldate = {2020-05-21},
 volume = {12},
 number = {1},
 journal = {Journal of Eye Movement Research},
 doi = {10.16910/jemr.12.1.3}
}
@inproceedings{D.E.Holmes.2016,
 author = {{D. E. Holmes} and {D. K. Charles} and {P. J. Morrow} and {S. McClean} and {S. M. McDonough}},
 title = {Using Fitt's Law to Model Arm Motion Tracked in 3D by a Leap Motion Controller for Virtual Reality Upper Arm Stroke Rehabilitation},
 pages = {335--336},
 isbn = {2372-9198},
 booktitle = {2016 IEEE 29th International Symposium on Computer-Based Medical Systems (CBMS)},
 year = {2016},
 doi = {10.1109/CBMS.2016.41}
}
@inproceedings{Diefenbach.1994,
 author = {Diefenbach, P. J.},
 title = {Practical considerations of VR [virtual reality]},
 pages = {87--90},
 publisher = {{publisher not identified}},
 isbn = {0-7803-9992-7},
 booktitle = {WESCON/94. 'Idea/Microelectronics'. Conference Record},
 year = {1994},
 address = {Place of publication not identified},
 doi = {10.1109/WESCON.1994.403623},
 file = {http://ieeexplore.ieee.org/document/403623/}
}
@incollection{Doerner2019,
 author = {Dörner, Ralf and Broll, Wolfgang and Jung, Bernhard and Grimm, Paul and Göbel, Martin},
 title = {Einführung in Virtual und Augmented Reality},
 pages = {1--42},
 publisher = {{Springer Berlin Heidelberg}},
 isbn = {978-3-662-58861-1},
 editor = {Dörner, Ralf and Broll, Wolfgang and Grimm, Paul and Jung, Bernhard},
 booktitle = {Virtual und Augmented Reality (VR/AR): Grundlagen und Methoden der Virtuellen und Augmentierten Realität},
 year = {2019},
 address = {Berlin, Heidelberg},
 doi = {10.1007/978-3-662-58861-1_1}
}
@incollection{DoernerWahrnehmung,
 author = {Dörner, Ralf and Steinicke, Frank},
 title = {Wahrnehmungsaspekte von VR},
 pages = {43--78},
 publisher = {{Springer Berlin Heidelberg}},
 isbn = {978-3-662-58861-1},
 editor = {Dörner, Ralf and Broll, Wolfgang and Grimm, Paul and Jung, Bernhard},
 booktitle = {Virtual und Augmented Reality (VR/AR): Grundlagen und Methoden der Virtuellen und Augmentierten Realität},
 year = {2019},
 address = {Berlin, Heidelberg},
 doi = {10.1007/978-3-662-58861-1_2}
}
@book{Dorner.2019,
 year = {2019},
 title = {Virtual und Augmented Reality (VR/AR): Grundlagen und Methoden der Virtuellen und Augmentierten Realität},
 address = {Berlin, Heidelberg},
 publisher = {{Springer Berlin Heidelberg}},
 isbn = {978-3-662-58861-1},
 editor = {Dörner, Ralf and Broll, Wolfgang and Grimm, Paul and Jung, Bernhard}
}
@misc{DudenRealitaet,
 editor = {Dudenredaktion},
 year = {o. J.},
 title = {{\textquotedbl}Realität{\textquotedbl} auf Duden online},
 url = {https://www.duden.de/node/118898/revision/118934},
 urldate = {2020-05-05}
}
@misc{DudenVirtuell,
 editor = {Dudenredaktion},
 year = {o. J.},
 title = {{\textquotedbl}virtuell{\textquotedbl} auf Duden online},
 url = {https://www.duden.de/node/198732/revision/198768},
 urldate = {2020-05-05}
}
@book{Earnshaw.2014,
 year = {2014},
 title = {Virtual Reality Systems},
 address = {s.l.},
 edition = {1. Aufl.},
 publisher = {{Elsevier Trade Monographs}},
 isbn = {9780122277481},
 editor = {Earnshaw, R. A.}
}
@article{Fehrenbach.14.4.2016,
 author = {Fehrenbach, Achim},
 year = {14.4.2016},
 title = {HTC Vive: Ballettstunden für Gamer},
 url = {https://www.zeit.de/digital/games/2016-04/htc-vive-vr-games-test-virtuelle-realitaet},
 urldate = {2020-05-15},
 journal = {Die Zeit},
 file = {13dbafbb-630b-4360-910f-74a0c700cfa0:C\:\\Users\\Joern\\AppData\\Local\\Swiss Academic Software\\Citavi 6\\ProjectCache\\w7ewwbse77kcw8waalakc80bwq8pyr1fgvgd2rf175xj71ziw\\Citavi Attachments\\13dbafbb-630b-4360-910f-74a0c700cfa0.pdf:pdf}
}
@article{Fitts.1992,
 author = {Fitts, Paul M.},
 year = {1992},
 title = {The information capacity of the human motor system in controlling the amplitude of movement},
 pages = {262--269},
 volume = {121},
 number = {3},
 issn = {0096-3445},
 journal = {Journal of Experimental Psychology: General},
 doi = {10.1037/0096-3445.121.3.262}
}
@incollection{Gigante.2014,
 author = {Gigante, Michael A.},
 title = {Virtual Reality: Definitions, History and Applications},
 pages = {3--14},
 publisher = {{Elsevier Trade Monographs}},
 isbn = {9780122277481},
 editor = {Earnshaw, R. A.},
 booktitle = {Virtual Reality Systems},
 year = {2014},
 address = {s.l.},
 doi = {10.1016/B978-0-12-227748-1.50009-3}
}
@article{Graham.1996,
 author = {{Evan D. Graham, Christine L. MacKenzie}},
 title = {Physical Versus Virtual Pointing},
 url = {https://dl.acm.org/doi/fullHtml/10.1145/238386.238532},
 urldate = {2020-05-21}
}
@misc{Hammer.2020,
 author = {Hammer, Philip},
 editor = {{Zukunftsinstitut GmbH}},
 year = {2020},
 title = {Virtual Reality: Die Erschaffung neuer Welten},
 url = {https://www.zukunftsinstitut.de/artikel/virtual-reality-die-erschaffung-neuer-welten/},
 urldate = {2020-04-28}
}
@inproceedings{Hansen.2018,
 author = {Hansen, John Paulin and Rajanna, Vijay and MacKenzie, I. Scott and Bækgaard, Per},
 title = {A Fitts' law study of click and dwell interaction by gaze, head and mouse with a head-mounted display},
 pages = {1--5},
 publisher = {{The Association for Computing Machinery, Inc}},
 isbn = {9781450357906},
 editor = {Spencer, Stephen N. and Morimoto, Carlos Hitoshi and Pfeiffer, Thies},
 booktitle = {Proceedings, COGAIN 2018},
 year = {2018},
 address = {New York, New York},
 doi = {10.1145/3206343.3206344},
 file = {http://dl.acm.org/citation.cfm?doid=3206343},
 file = {Hansen, Rajanna et al. 2018 - A Fitts' law study.pdf}
}
@book{Holmqvist.2017,
 author = {Holmqvist, Kenneth and Andersson, Richard},
 year = {2017},
 title = {Eye tracking: A comprehensive guide to methods, paradigms, and measures},
 address = {Charleston, SC},
 edition = {2nd edition},
 publisher = {CreateSpace},
 isbn = {9781979484893},
 file = {eddb7d02-983b-4078-87a1-e7d70713ca73:C\:\\Users\\Joern\\AppData\\Local\\Swiss Academic Software\\Citavi 6\\ProjectCache\\w7ewwbse77kcw8waalakc80bwq8pyr1fgvgd2rf175xj71ziw\\Citavi Attachments\\eddb7d02-983b-4078-87a1-e7d70713ca73.pdf:pdf}
}
@incollection{Hunter2016,
 author = {Hunter, William Cannon},
 title = {Virtual reality},
 pages = {1006--1007},
 publisher = {{Springer International Publishing}},
 isbn = {978-3-319-01384-8},
 editor = {Jafari, Jafar and Xiao, Honggen},
 booktitle = {Encyclopedia of Tourism},
 year = {2016},
 address = {Cham},
 doi = {10.1007/978-3-319-01384-8_212}
}
@proceedings{ICICES.2017,
 year = {2017},
 title = {2017 International Conference on Information Communication and Embedded Systems (ICICES): February 23rd and 24th, 2017},
 address = {Piscataway, NJ},
 publisher = {IEEE},
 isbn = {978-1-5090-6135-8},
 institution = {ICICES and {Institute of Electrical and Electronics Engineers} and {International Conference on Information Communication and Embedded Systems} and {IEEE International Conference on Information Communication and Embedded Systems}}
}
@book{Jafari.2016,
 year = {2016},
 title = {Encyclopedia of Tourism},
 address = {Cham},
 publisher = {{Springer International Publishing}},
 isbn = {978-3-319-01384-8},
 editor = {Jafari, Jafar and Xiao, Honggen}
}
@inproceedings{Kassner_2014,
 author = {Kassner, Moritz and Patera, William and Bulling, Andreas},
 title = {Pupil: An Open Source Platform for Pervasive Eye Tracking and Mobile Gaze-Based Interaction},
 pages = {1151--1160},
 publisher = {{Association for Computing Machinery}},
 isbn = {9781450330473},
 editor = {Brush, A. J. and Friday, Adrian and Kientz, Julie and Scott, James and Song, Junehwa},
 booktitle = {UbiComp'14 adjunct},
 year = {2014},
 address = {New York, New York},
 doi = {10.1145/2638728.2641695},
 file = {http://dl.acm.org/citation.cfm?doid=2638728}
}
@misc{Kexugit.2006,
 author = {{Jensen Harris}},
 year = {2006},
 title = {Giving You Fitts},
 url = {https://docs.microsoft.com/de-de/archive/blogs/jensenh/giving-you-fitts},
 urldate = {2020-05-21}
}
@misc{Kreylos.2017,
 author = {Kreylos, Oliver},
 year = {2017},
 title = {Measuring the Effective Resolution of Head-mounted Displays},
 url = {http://doc-ok.org/?p=1631},
 urldate = {2020-05-21}
}
@article{Lander.2018,
 author = {Lander, Christian and löchtefeld, Markus and Krüger, Antonio},
 year = {2018},
 title = {hEYEbrid: A hybrid approach for mobile calibration-free gaze estimation},
 url = {https://www.dfki.de/fileadmin/user_upload/import/9477_IMWUT-DEC17-heyebrid.pdf},
 urldate = {2020-05-17},
 pages = {1--29},
 volume = {1},
 number = {4},
 issn = {2474-9567},
 journal = {Proceedings of the ACM on Interactive, Mobile, Wearable and Ubiquitous Technologies},
 doi = {10.1145/3161166},
 file = {9ecbb73f-c5ef-4739-830e-d4fa672875d0:C\:\\Users\\Joern\\AppData\\Local\\Swiss Academic Software\\Citavi 6\\ProjectCache\\w7ewwbse77kcw8waalakc80bwq8pyr1fgvgd2rf175xj71ziw\\Citavi Attachments\\9ecbb73f-c5ef-4739-830e-d4fa672875d0.pdf:pdf}
}
@article{LaValle.2019,
 author = {LaValle, Steven M.},
 year = {2019},
 title = {Virtual Reality},
 url = {http://vr.cs.uiuc.edu/vrbookbig.pdf},
 urldate = {2020-04-28},
 file = {d6bdd567-1fc3-461f-b3ee-25c63dfbca96:C\:\\Users\\Joern\\AppData\\Local\\Swiss Academic Software\\Citavi 6\\ProjectCache\\w7ewwbse77kcw8waalakc80bwq8pyr1fgvgd2rf175xj71ziw\\Citavi Attachments\\d6bdd567-1fc3-461f-b3ee-25c63dfbca96.pdf:pdf}
}
@phdthesis{Lugschitz.2018,
 author = {Lugschitz, Tamara},
 year = {2018},
 title = {Virtual Reality Marketing},
 address = {Wien},
 school = {{Universität Wien}},
 doi = {10.25365/THESIS.54182},
 type = {Masterarbeit},
 file = {a6e4b1ba-3eca-4985-830e-9f53cf9920e2:C\:\\Users\\Joern\\AppData\\Local\\Swiss Academic Software\\Citavi 6\\ProjectCache\\w7ewwbse77kcw8waalakc80bwq8pyr1fgvgd2rf175xj71ziw\\Citavi Attachments\\a6e4b1ba-3eca-4985-830e-9f53cf9920e2.pdf:pdf}
}
@article{Miniotas.2000,
 author = {Miniotas, Darius},
 year = {2000},
 title = {Application of Fitts’ Law to Eye Gaze Interaction},
 url = {https://doi.org/10.1145/633292.633496},
 pages = {339--340},
 journal = {CHI ’00 Extended Abstracts on Human Factors in Computing Systems},
 doi = {10.1145/633292.633496}
}
@book{Mohring.2013,
 year = {2013},
 title = {Handbuch standardisierte Erhebungsverfahren in der Kommunikationswissenschaft},
 address = {Wiesbaden},
 publisher = {{Springer VS}},
 isbn = {978-3-531-18775-4},
 series = {SpringerLink},
 editor = {Möhring, Wiebke and Schlütz, Daniela},
 doi = {10.1007/978-3-531-18776-1}
}
@proceedings{Morimoto.2012,
 year = {2012},
 title = {Proceedings of the Symposium on Eye Tracking Research and Applications},
 address = {New York, NY},
 publisher = {ACM},
 isbn = {9781450312219},
 editor = {Morimoto, Carlos H.},
 institution = {{ACM Special Interest Group on Computer Graphics and Interactive Techniques} and {ACM Special Interest Group on Computer-Human Interaction}},
 doi = {10.1145/2168556}
}
@article{Muhanna.2015,
 author = {Muhanna, Muhanna A.},
 year = {2015},
 title = {Virtual reality and the CAVE: Taxonomy, interaction challenges and research directions},
 url = {http://www.sciencedirect.com/science/article/pii/S1319157815000439},
 pages = {344--361},
 volume = {27},
 number = {3},
 issn = {13191578},
 journal = {Journal of King Saud University - Computer and Information Sciences},
 doi = {10.1016/j.jksuci.2014.03.023},
 file = {20b88ffb-87c7-4b7e-bbf0-c29d7e9ce37c:C\:\\Users\\Joern\\AppData\\Local\\Swiss Academic Software\\Citavi 6\\ProjectCache\\w7ewwbse77kcw8waalakc80bwq8pyr1fgvgd2rf175xj71ziw\\Citavi Attachments\\20b88ffb-87c7-4b7e-bbf0-c29d7e9ce37c.pdf:pdf}
}
@article{Nayyar.2018,
 author = {Nayyar, Anand and Mahapatra, Bandana and {Nhuong Le}, Dac and Suseendran, G.},
 year = {2018},
 title = {Virtual Reality (VR) {\&} Augmented Reality (AR) technologies for tourism and hospitality industry},
 pages = {156},
 volume = {7},
 number = {2.21},
 journal = {International Journal of Engineering {\&} Technology},
 doi = {10.14419/ijet.v7i2.21.11858},
 file = {666123a2-0684-4c4b-ac8f-6b8fdcd4b224:C\:\\Users\\Joern\\AppData\\Local\\Swiss Academic Software\\Citavi 6\\ProjectCache\\w7ewwbse77kcw8waalakc80bwq8pyr1fgvgd2rf175xj71ziw\\Citavi Attachments\\666123a2-0684-4c4b-ac8f-6b8fdcd4b224.pdf:pdf}
}
@article{OliverBendel.2018,
 author = {{Prof. Dr. Oliver Bendel}},
 year = {19.02.2018},
 title = {Definition: Virtuelle Realität},
 url = {https://wirtschaftslexikon.gabler.de/definition/virtuelle-realitaet-54243/version-277293},
 urldate = {2020-04-29},
 journal = {Springer Fachmedien Wiesbaden GmbH},
 file = {ce9a6b9d-78a3-41f5-867f-ad3a551f2cbb:C\:\\Users\\Joern\\AppData\\Local\\Swiss Academic Software\\Citavi 6\\ProjectCache\\w7ewwbse77kcw8waalakc80bwq8pyr1fgvgd2rf175xj71ziw\\Citavi Attachments\\ce9a6b9d-78a3-41f5-867f-ad3a551f2cbb.pdf:pdf}
}
@misc{omnia.2017,
 author = {Berger, Claudia and Kiani, Reza},
 editor = {{omnia360 GmbH}},
 year = {2017},
 title = {Was ist Virtual Reality? Definitionsansätze der virtuellen Realität},
 url = {https://omnia360.de/blog/was-ist-virtual-reality/},
 urldate = {2020-04-28}
}
@misc{PupilLabsAddOn,
 author = {{Pupil Labs GmbH}},
 year = {2020},
 title = {vive.11cbad50.jpg (1000×700)},
 urldate = {2020-04-27},
 url = {https://docs.pupil-labs.com/assets/img/vive.11cbad50.jpg}
}
@misc{PupilLabsAddOnSpecs,
 author = {{Pupil Labs GmbH}},
 year = {12.05.2020},
 title = {VR {\&} AR - Eye tracking add-ons technical specifications - Pupil Labs},
 urldate = {2020-05-20},
 url = {https://pupil-labs.com/products/vr-ar/tech-specs/}
}
@misc{PupilLabsCalib,
 author = {{Pupil Labs GmbH}},
 year = {11.05.2020},
 title = {Pupil Capture | Pupil Labs},
 urldate = {2020-05-18},
 url = {https://docs.pupil-labs.com/core/software/pupil-capture/#calibration-methods}
}
@misc{PupilLabsCalibMarker,
 author = {{Pupil Labs GmbH}},
 year = {24.04.2020},
 title = {v0.4{\_}calib{\_}marker{\_}02.4b9f83a6.jpg (1000×1000)},
 urldate = {2020-05-18},
 url = {https://docs.pupil-labs.com/assets/img/v0.4_calib_marker_02.4b9f83a6.jpg}
}
@misc{PupilLabsDocAddOn,
 author = {{Pupil Labs GmbH}},
 year = {2020},
 title = {HTC Vive Add-On | Pupil Labs},
 urldate = {2020-04-27},
 url = {https://docs.pupil-labs.com/vr-ar/htc-vive/#install-the-vive-add-on}
}
@misc{PupilLabsDocHW,
 author = {{Pupil Labs GmbH}},
 year = {2019},
 title = {Hardware | Pupil Labs},
 urldate = {2020-04-27},
 url = {https://docs.pupil-labs.com/core/hardware/#what-s-in-the-box}
}
@misc{PupilLabsHW,
 author = {{Pupil Labs GmbH}},
 year = {2020},
 title = {core{\_}hardware{\_}intro.36bba2be.jpg (937×482)},
 urldate = {2020-04-27},
 url = {https://docs.pupil-labs.com/assets/img/core_hardware_intro.36bba2be.jpg}
}
@misc{PupilLabsNet,
 author = {{Pupil Labs GmbH}},
 year = {11.05.2020},
 title = {Network API | Pupil Labs},
 urldate = {2020-05-17},
 url = {https://docs.pupil-labs.com/developer/core/network-api/}
}
@misc{PupilLabsSpec,
 author = {{Pupil Labs GmbH}},
 year = {2017},
 title = {Pupil Core - Eye tracking platform technical specifications - Pupil Labs},
 url = {https://pupil-labs.com/products/core/tech-specs/},
 urldate = {2020-05-17}
}
@article{Rogers.2019,
 author = {Rogers, Sol},
 year = {5.2.2019},
 title = {Seven Reasons Why Eye-tracking Will Fundamentally Change VR},
 url = {https://www.forbes.com/sites/solrogers/2019/02/05/seven-reasons-why-eye-tracking-will-fundamentally-change-vr/#532105723459},
 urldate = {2020-05-20},
 journal = {Forbes},
 file = {d88b66b9-b5bb-47f9-8970-c42cfcad5485:C\:\\Users\\Joern\\AppData\\Local\\Swiss Academic Software\\Citavi 6\\ProjectCache\\w7ewwbse77kcw8waalakc80bwq8pyr1fgvgd2rf175xj71ziw\\Citavi Attachments\\d88b66b9-b5bb-47f9-8970-c42cfcad5485.pdf:pdf}
}
@article{Sauter.2015,
 author = {Sauter, Marc and Steinlechner, Peter},
 year = {8.3.2015},
 title = {Virtual Reality: Wie Valves Steam VR funktioniert - Golem.de},
 url = {https://www.golem.de/news/virtual-reality-wie-valves-steam-vr-funktioniert-1503-112815.html},
 urldate = {2020-05-12},
 journal = {Golem.de},
 file = {95539452-357c-4e40-9004-5067fba0550d:C\:\\Users\\Joern\\AppData\\Local\\Swiss Academic Software\\Citavi 6\\ProjectCache\\w7ewwbse77kcw8waalakc80bwq8pyr1fgvgd2rf175xj71ziw\\Citavi Attachments\\95539452-357c-4e40-9004-5067fba0550d.pdf:pdf}
}
@inproceedings{Singh.2017,
 author = {Singh, Namrata and Singh, Sarvpal},
 title = {Virtual reality: A brief survey},
 pages = {1--6},
 publisher = {IEEE},
 isbn = {978-1-5090-6135-8},
 booktitle = {2017 International Conference on Information Communication and Embedded Systems (ICICES)},
 year = {2017},
 address = {Piscataway, NJ},
 doi = {10.1109/ICICES.2017.8070720},
 file = {http://ieeexplore.ieee.org/document/8070720/}
}
@article{Soukoreff.2004,
 author = {Soukoreff, R. William and MacKenzie, I. Scott},
 year = {2004},
 title = {Towards a standard for pointing device evaluation, perspectives on 27 years of Fitts’ law research in HCI},
 url = {http://www.sciencedirect.com/science/article/pii/S1071581904001016},
 urldate = {2020-05-21},
 pages = {751--789},
 volume = {61},
 number = {6},
 issn = {1071-5819},
 journal = {International Journal of Human-Computer Studies},
 doi = {10.1016/j.ijhcs.2004.09.001},
 file = {Soukoreff, MacKenzie 2004 - Towards a standard for pointing.pdf}
}
@proceedings{Spencer.2018,
 year = {2018},
 title = {Proceedings, COGAIN 2018: Communication by Gaze Interaction : Warsaw, Poland, June 15, 2018},
 address = {New York, New York},
 publisher = {{The Association for Computing Machinery, Inc}},
 isbn = {9781450357906},
 editor = {Spencer, Stephen N. and Morimoto, Carlos Hitoshi and Pfeiffer, Thies},
 institution = {{Eye Tracking Research {\&} Applications Symposium}},
 doi = {10.1145/3206343}
}
@phdthesis{ThielHegmann.2019,
 author = {Thiel-Hegmann, Thomas},
 year = {2019},
 title = {Potenzialität von Mixed Reality bei temporären Installationen am Beispiel eines Messestandes},
 url = {https://edoc.sub.uni-hamburg.de//haw/volltexte/2019/4717/pdf/Masterarbeit_ThomasThiel_Hegmann_Matrikelnr.1811205.pdf},
 address = {Hamburg},
 urldate = {2020-04-29},
 school = {{Hochschule für Angewandte Wissenschaften Hamburg}},
 file = {d6f5d419-3151-4158-9171-d654c4bbb34b:C\:\\Users\\Joern\\AppData\\Local\\Swiss Academic Software\\Citavi 6\\ProjectCache\\w7ewwbse77kcw8waalakc80bwq8pyr1fgvgd2rf175xj71ziw\\Citavi Attachments\\d6f5d419-3151-4158-9171-d654c4bbb34b.pdf:pdf}
}
@misc{Valve.2020,
 author = {{Valve Corporation}},
 year = {o. J.},
 title = {Nutzen Sie die beste VR-Technologie der Welt, gebührenfrei.},
 url = {https://partner.steamgames.com/vrlicensing},
 urldate = {2020-05-13}
}
@misc{VentureBeat,
 author = {VentureBeat},
 year = {o. J.},
 title = {HTC-Vive.jpg (1224×847)},
 urldate = {2020-05-06},
 url = {https://venturebeat.com/wp-content/uploads/2016/02/HTC-Vive.jpg}
}
@misc{ViveBaseStation,
 author = {{HTC Corporation}},
 year = {2019},
 title = {vive-hardware-base-stations.png (950×514)},
 urldate = {2020-04-25},
 url = {https://www.vive.com/media/filer_public/vive/product-overview/vive-hardware-base-stations.png}
}
@misc{ViveControllers,
 author = {{HTC Corporation}},
 year = {2019},
 title = {vive-hardware-controllers-1.png (950×455)},
 urldate = {2020-04-25},
 url = {https://www.vive.com/media/filer_public/vive/product-overview/vive-hardware-controllers-1.png}
}
@misc{ViveHMD,
 author = {{HTC Corporation}},
 year = {2019},
 title = {vive-hardware-hmd-1.png (950×650)},
 urldate = {2020-04-25},
 url = {https://www.vive.com/media/filer_public/vive/product-overview/vive-hardware-hmd-1.png}
}
@misc{ViveProduct,
 author = {{HTC Corporation}},
 year = {2020},
 title = {VIVE™ Deutschland | VIVE Hardware kaufen},
 url = {https://www.vive.com/de/product/vive/},
 urldate = {2020-04-25}
}
@misc{WoessnerGeschichte.2019,
 author = {{Stephanie Wössner}},
 year = {o. J.},
 title = {Geschichte der virtuellen Realität},
 url = {https://www.lmz-bw.de/medien-und-bildung/medienwissen/virtual-und-augmented-reality/geschichte-der-virtuellen-realitaet/#/medien-und-bildung/medienwissen/virtual-und-augmented-reality/geschichte-der-virtuellen-realitaet/#c35763},
 urldate = {2020-04-29}
}
@misc{WoessnerUeberblick.2019,
 author = {{Stephanie Wössner}},
 year = {o. J.},
 title = {Überblick Virtual und Augmented Reality: Grundlagen.},
 url = {https://www.lmz-bw.de/medien-und-bildung/medienwissen/virtual-und-augmented-reality/ueberblick/},
 urldate = {2020-04-29}
}
@patent{Yates.20160512,
 author = {Yates, Alan and Selan, Jeremy},
 year = {2016},
 title = {POSITIONAL TRACKING SYSTEMS AND METHODS},
 number = {US 2016/0131761 A1},
 file = {https://worldwide.espacenet.com/patent/search/family/055912074/publication/US2016131761A1?q=pn%3DUS2016131761A1}
}
