@Article{Wollschlaeger2014,
	author="Wollschl{\"a}ger, Dirk",
	title="The connected car preconditions, requirements and prospects",
	journal="ATZelektronik worldwide",
	year="2014",
	volume="9",
	number="4",
	pages="4--9",
	issn="2192-9092",
	doi="10.1365/s38314-014-0258-2",
	url="http://dx.doi.org/10.1365/s38314-014-0258-2"
}

@Article{Clay_Koenig_Koenig_2019, 
	title={Eye tracking in virtual reality}, 
	volume={12}, 
	url={https://bop.unibe.ch/JEMR/article/view/4332-Clay-final-sub}, 
	DOI={10.16910/jemr.12.1.3}, 
	number={1}, 
	journal={Journal of Eye Movement Research}, 
	author={Clay, Viviane and König, Peter and König, Sabine}, 
	year={2019}, 
	month={Feb.}
}

@inproceedings{PaperPupilLabs,
	author = {Kassner, Moritz and Patera, William and Bulling, Andreas},
	title = {Pupil: An Open Source Platform for Pervasive Eye Tracking and Mobile Gaze-Based Interaction},
	year = {2014},
	isbn = {9781450330473},
	publisher = {Association for Computing Machinery},
	address = {New York, NY, USA},
	url = {https://doi.org/10.1145/2638728.2641695},
	doi = {10.1145/2638728.2641695},
	booktitle = {Proceedings of the 2014 ACM International Joint Conference on Pervasive and Ubiquitous Computing: Adjunct Publication},
	pages = {1151–1160},
	numpages = {10},
	keywords = {mobile eye tracking, wearable computing, gaze-based interaction, eye movement},
	location = {Seattle, Washington},
	series = {UbiComp ’14 Adjunct}
}

@online{ViveHMD,
	author = {HTC Corporation},
	title = {Vive Hardware HMD 1},
	date = {04.03.2020},
	url = {https://www.vive.com/media/filer_public/vive/product-overview/vive-hardware-hmd-1.png}
}

@online{ViveControllers,
	author = {HTC Corporation},
	title = {Vive Hardware Controllers 1},
	date = {04.03.2020},
	url = {https://www.vive.com/media/filer_public/vive/product-overview/vive-hardware-controllers-1.png}
}

@online{ViveBaseStation,
	author = {HTC Corporation},
	title = {Vive Hardware Base Stations},
	date = {04.03.2020},
	url = {https://www.vive.com/media/filer_public/vive/product-overview/vive-hardware-base-stations.png}
}